<record><leader>00000cas a22000007a 4500</leader><controlfield tag="001">15136943</controlfield><controlfield tag="008">870131d194u1945nvuwr ne      0    0eng d</controlfield><datafield ind1=" " ind2=" " tag="010"><subfield code="a">sn 87067004 </subfield></datafield><datafield ind1=" " ind2=" " tag="040"><subfield code="a">NNX</subfield><subfield code="b">eng</subfield><subfield code="c">NNX</subfield><subfield code="d">OCLCQ</subfield></datafield><datafield ind1=" " ind2=" " tag="042"><subfield code="a">msc</subfield></datafield><datafield ind1="0" ind2="4" tag="245"><subfield code="a">The Desert bomber.</subfield></datafield><datafield ind1=" " ind2=" " tag="260"><subfield code="a">Tonopah, Nev. :</subfield><subfield code="b">Special Service Office</subfield></datafield><datafield ind1=" " ind2=" " tag="300"><subfield code="a">v.</subfield></datafield><datafield ind1=" " ind2=" " tag="310"><subfield code="a">Weekly</subfield></datafield><datafield ind1="1" ind2=" " tag="362"><subfield code="a">Ceased in 1945.</subfield></datafield><datafield ind1=" " ind2=" " tag="588"><subfield code="a">Description based on: Vol. 1, no. 43 (June 30, 1943).</subfield></datafield><datafield ind1="2" ind2=" " tag="710"><subfield code="a">Tonopah Army Airfield.</subfield></datafield><datafield ind1=" " ind2=" " tag="752"><subfield code="a">United States</subfield><subfield code="b">Nevada</subfield><subfield code="c">Nye</subfield><subfield code="d">Tonopah.</subfield></datafield><datafield ind1="0" ind2="0" tag="780"><subfield code="t">Bombing and gunnery range</subfield><subfield code="w">(DLC)sn 87067003</subfield><subfield code="w">(DLC)15136934</subfield></datafield><datafield ind1="1" ind2=" " tag="029"><subfield code="a">AU@</subfield><subfield code="b">000025789964</subfield></datafield></record>